<record><leader>00000cas a2200000 a 4500</leader><controlfield tag="001">642898615</controlfield><controlfield tag="008">100622d188218uunbuwr ne      0    0eng  </controlfield><datafield ind1=" " ind2=" " tag="010"><subfield code="a">  2010270507</subfield></datafield><datafield ind1=" " ind2=" " tag="040"><subfield code="a">LDL</subfield><subfield code="b">eng</subfield><subfield code="c">LDL</subfield><subfield code="d">LDL</subfield><subfield code="d">DLC</subfield><subfield code="d">OCLCF</subfield><subfield code="d">OCLCO</subfield></datafield><datafield ind1=" " ind2=" " tag="042"><subfield code="a">pcc</subfield></datafield><datafield ind1=" " ind2=" " tag="043"><subfield code="a">n-us-nb</subfield></datafield><datafield ind1="0" ind2="0" tag="245"><subfield code="a">Nemaha County journal and Nebraska advertiser.</subfield></datafield><datafield ind1="1" ind2="3" tag="246"><subfield code="a">Journal and advertiser</subfield></datafield><datafield ind1="1" ind2="3" tag="246"><subfield code="a">Nebraska advertiser</subfield></datafield><datafield ind1=" " ind2=" " tag="260"><subfield code="a">Auburn, Neb. :</subfield><subfield code="b">[Wert &amp; Sander],</subfield><subfield code="c">1882-</subfield></datafield><datafield ind1=" " ind2=" " tag="300"><subfield code="a">v.</subfield></datafield><datafield ind1=" " ind2=" " tag="310"><subfield code="a">Weekly</subfield></datafield><datafield ind1="0" ind2=" " tag="362"><subfield code="a">Vol. 27, no. 22 (Nov. 18, 1882)-</subfield></datafield><datafield ind1=" " ind2=" " tag="515"><subfield code="a">Vol. 27, no. 22 (Nov. 18, 1882)-&lt;v. 27, no. 44 (Apr. 19, 1883)&gt; called also vol. 1, no. 4-&lt;v. 1, no. 27&gt;</subfield></datafield><datafield ind1=" " ind2=" " tag="530"><subfield code="a">Also available on microfilm.</subfield></datafield><datafield ind1=" " ind2=" " tag="580"><subfield code="a">Formed by the union of: Nebraska advertiser, and: Nemaha County journal.</subfield></datafield><datafield ind1=" " ind2="0" tag="651"><subfield code="a">Nemaha County (Neb.)</subfield><subfield code="v">Newspapers.</subfield></datafield><datafield ind1=" " ind2="7" tag="655"><subfield code="a">Newspapers.</subfield><subfield code="2">fast</subfield><subfield code="0">(OCoLC)fst01423814</subfield></datafield><datafield ind1=" " ind2="7" tag="651"><subfield code="a">Nebraska</subfield><subfield code="z">Nemaha County.</subfield><subfield code="2">fast</subfield><subfield code="0">(OCoLC)fst01212381</subfield></datafield><datafield ind1=" " ind2=" " tag="752"><subfield code="a">United States</subfield><subfield code="b">Nebraska</subfield><subfield code="c">Nemaha</subfield><subfield code="d">Auburn.</subfield></datafield><datafield ind1="1" ind2=" " tag="776"><subfield code="t">Nemaha County journal and Nebraska advertiser</subfield><subfield code="w">(DLC)sn 94056253</subfield><subfield code="w">(OCoLC)31001860</subfield></datafield><datafield ind1="1" ind2="4" tag="780"><subfield code="t">Nebraska advertiser</subfield><subfield code="w">(DLC)sn 84020109</subfield><subfield code="w">(OCoLC)10362256</subfield></datafield><datafield ind1="1" ind2="4" tag="780"><subfield code="t">Nemaha County journal</subfield><subfield code="w">(DLC)sn 94056252</subfield></datafield><datafield ind1="0" ind2="0" tag="785"><subfield code="t">Nebraska advertiser (Nemaha City, Neb.)</subfield><subfield code="x">2163-6788</subfield><subfield code="w">(DLC)  2010270508</subfield><subfield code="w">(OCoLC)642902384</subfield></datafield></record>